<record><leader>00000cas a2200000 a 4500</leader><controlfield tag="001">70833307</controlfield><controlfield tag="006">m     o  d        </controlfield><controlfield tag="007">cr anu||||||||</controlfield><controlfield tag="008">060804d18351836meuwr nso     0    0eng c</controlfield><datafield ind1=" " ind2=" " tag="010"><subfield code="a">  2008233733</subfield></datafield><datafield ind1=" " ind2=" " tag="040"><subfield code="a">APSON</subfield><subfield code="b">eng</subfield><subfield code="c">APSON</subfield><subfield code="d">GUA</subfield><subfield code="d">DLC</subfield><subfield code="d">OCLCQ</subfield><subfield code="d">OCLCF</subfield></datafield><datafield ind1=" " ind2=" " tag="042"><subfield code="a">pcc</subfield></datafield><datafield ind1=" " ind2=" " tag="043"><subfield code="a">n-us-me</subfield></datafield><datafield ind1="1" ind2="4" tag="050"><subfield code="a">BX9901</subfield></datafield><datafield ind1="0" ind2=" " tag="130"><subfield code="a">Christian intelligencer (Gardiner, Me. : Online)</subfield></datafield><datafield ind1="1" ind2="0" tag="245"><subfield code="a">Christian intelligencer</subfield><subfield code="h">[electronic resource].</subfield></datafield><datafield ind1="1" ind2=" " tag="246"><subfield code="i">Some providers list issues under title:</subfield><subfield code="a">Christian intelligencer and eastern chronicle</subfield></datafield><datafield ind1=" " ind2=" " tag="260"><subfield code="a">Gardiner, Me. :</subfield><subfield code="b">P. Sheldon,</subfield><subfield code="c">1835-1836.</subfield></datafield><datafield ind1=" " ind2=" " tag="310"><subfield code="a">Weekly</subfield></datafield><datafield ind1="0" ind2=" " tag="362"><subfield code="a">New ser., v. 9, no. 1 (Jan. 2, 1835)-n.s., v. 10, no. 50 (Dec. 30, 1836).</subfield></datafield><datafield ind1=" " ind2=" " tag="500"><subfield code="a">Title from pdf caption (ProQuest APS Online, viewed May 7, 2006).</subfield></datafield><datafield ind1=" " ind2=" " tag="515"><subfield code="a">Vols. for 1835-1836 also called: v. 15-16.</subfield></datafield><datafield ind1=" " ind2=" " tag="530"><subfield code="a">Also issued in print and on microfilm.</subfield></datafield><datafield ind1=" " ind2=" " tag="538"><subfield code="a">Mode of access: World Wide Web.</subfield></datafield><datafield ind1=" " ind2="0" tag="650"><subfield code="a">Universalism</subfield><subfield code="v">Newspapers.</subfield></datafield><datafield ind1=" " ind2="0" tag="651"><subfield code="a">Gardiner (Me.)</subfield><subfield code="v">Newspapers.</subfield></datafield><datafield ind1=" " ind2="0" tag="651"><subfield code="a">Kennebec County (Me.)</subfield><subfield code="v">Newspapers.</subfield></datafield><datafield ind1=" " ind2="7" tag="655"><subfield code="a">Newspapers.</subfield><subfield code="2">fast</subfield><subfield code="0">(OCoLC)fst01423814</subfield></datafield><datafield ind1=" " ind2="7" tag="650"><subfield code="a">Universalism.</subfield><subfield code="2">fast</subfield><subfield code="0">(OCoLC)fst01161574</subfield></datafield><datafield ind1=" " ind2="7" tag="651"><subfield code="a">Maine</subfield><subfield code="z">Gardiner.</subfield><subfield code="2">fast</subfield><subfield code="0">(OCoLC)fst01223541</subfield></datafield><datafield ind1=" " ind2="7" tag="651"><subfield code="a">Maine</subfield><subfield code="z">Kennebec County.</subfield><subfield code="2">fast</subfield><subfield code="0">(OCoLC)fst01211990</subfield></datafield><datafield ind1=" " ind2=" " tag="752"><subfield code="a">United States</subfield><subfield code="b">Maine</subfield><subfield code="c">Kennebec</subfield><subfield code="d">Gardiner.</subfield></datafield><datafield ind1="1" ind2=" " tag="776"><subfield code="t">Christian intelligencer (Gardiner, Me.)</subfield><subfield code="x">2157-7811</subfield><subfield code="w">(DLC)sn 84026948</subfield><subfield code="w">(OCoLC)7035098</subfield></datafield><datafield ind1="0" ind2="0" tag="780"><subfield code="t">Christian intelligencer and eastern chronicle (Online)</subfield><subfield code="w">(DLC)  2008233732</subfield><subfield code="w">(OCoLC)70833301</subfield></datafield><datafield ind1="4" ind2="0" tag="856"><subfield code="u">http://gateway.proquest.com/openurl?url_ver=Z39.88-2004&amp;res_dat=xri:pqd::hnp&amp;rft_val_fmt=info:ofi/fmt:kev:mtx:journal&amp;rft_dat=xri:pqd:PMID=41759</subfield></datafield></record>